@BOOK{Artin,
AUTHOR="Michael Artin",
TITLE="Algebra",
PUBLISHER="Pearson",
YEAR="2010",
}